
@misc{mercury_spectral_lines,
	title = {Strong {Lines} of {Mercury} ( {Hg} )},
	url = {https://physics.nist.gov/PhysRefData/Handbook/Tables/mercurytable2_a.htm},
	urldate = {2024-03-20},
	file = {Strong Lines of Mercury ( Hg ):C\:\\Users\\llnak\\Zotero\\storage\\94GWJ6RZ\\mercurytable2_a.html:text/html},
}
